@article{bleep,
  author    = {Catalin Cimpanu},
  title     = {One Year After WannaCry, EternalBlue Exploit Is Bigger Than Ever},
  url       = {https://www.bleepingcomputer.com/news/security/one-year-after-wannacry-eternalblue-exploit-is-bigger-than-ever/},
  publisher = {BleepingComputer},
  date      = {2018-05-11}
}

@article{cbsnews,
  author    = {Jonathan Berr},
  title     = {"WannaCry" ransomware attack losses could reach \$4 billion},
  url       = {https://www.cbsnews.com/news/wannacry-ransomware-attacks-wannacry-virus-losses},
  publisher = {CBS news},
  date      = {2017-05-16}
}

@article{checkpoint,
  author    = {Nadav Grossman},
  title     = {EternalBlue – Everything There Is To Know},
  url       = {https://research.checkpoint.com/2017/eternalblue-everything-know/},
  publisher = {Check Point Research},
  date      = {2017-09-29}
}

@misc{defcon,
  author = {zerosum0x0},
  title  = {DEF CON 26 - Demystifying MS17-010 Reverse Engineering the ETERNAL Exploits},
  year   = {2018}
}

@article{eternalb,
  author    = {William Gamazo Sanchez},
  title     = {MS17-010: EternalBlue’s Large Non-Paged Pool Overflow in SRV Driver},
  url       = {https://blog.trendmicro.com/trendlabs-security-intelligence/ms17-010-eternalblue/},
  publisher = {},
  date      = {2017-06-02}
}
@article{malwaretech,
  author    = {MalwareTech},
  title     = {How to Accidentally Stop a Global Cyber Attacks},
  url       = {https://www.malwaretech.com/2017/05/how-to-accidentally-stop-a-global-cyber-attacks.html},
  publisher = {MalwareTech},
  date      = {2017-05-13}
}
@article{mssecurity,
  author    = {Microsoft Defender ATP Research Team},
  title     = {WannaCrypt ransomware worm targets out-of-date systems},
  url       = {https://www.microsoft.com/security/blog/2017/05/12/wannacrypt-ransomware-worm-targets-out-of-date-systems},
  publisher = {},
  date      = {2017-05-13}
}

@article{mssecurity2,
  author    = {Microsoft Defender ATP Research Team},
  title     = {Analysis of the Shadow Brokers release and mitigation with Windows 10 virtualization-based security},
  url       = {https://www.microsoft.com/security/blog/2017/06/16/analysis-of-the-shadow-brokers-release-and-mitigation-with-windows-10-virtualization-based-security},
  publisher = {},
  date      = {2017-05-13}
}